@article{lohr2012age,
  title={The age of big data},
  author={Lohr, Steve},
  journal={New York Times},
  volume={11},
  number={2012},
  year={2012}
}
@inproceedings{Kerr:2009:QDG:1513895.1513904,
 author = {Kerr, Andrew and Campbell, Dan and Richards, Mark},
 title = {QR Decomposition on GPUs},
 booktitle = {Proceedings of 2Nd Workshop on General Purpose Processing on Graphics Processing Units},
 series = {GPGPU-2},
 year = {2009},
 isbn = {978-1-60558-517-8},
 location = {Washington, D.C., USA},
 pages = {71--78},
 numpages = {8},
 url = {http://doi.acm.org/10.1145/1513895.1513904},
 doi = {10.1145/1513895.1513904},
 acmid = {1513904},
 publisher = {ACM},
 address = {New York, NY, USA},
}
@misc{mangaone,
  title = {マンガワン},
  howpublished = {\url{https://manga-one.com/}},
  author = {Shogakukan inc.}
}
@conference{kobayashi1,
  author={Ryosuke Kobayashi and Rie Shigetomi Yamaguchi},
  title={A Utilization of Manga Browsing and Other Usage History in Manga Application for an Authentication Method},
  booktitle = {},
  year={2017},
  editor = {},
  volume={Symposium on Cryptography and Information Security},
  series = {SCIS 2017},
  pages = {},
  address = {Naha, Japan},
  month = 1,
  organization = {The Institute of Electronics, Information and Communication Engineers},
  publisher = {The Institute of Electronics, Information and Communication Engineers},
  note = {}
}
@misc{cran_task,
  title = {CRAN Task View: High-Performance and Parallel Computing with R},
  howpublished = {\url{https://cran.r-project.org/web/views/HighPerformanceComputing.html}},
  author = {Dirk Eddelbuettel}
}
@article {RSSB:RSSB293,
author = {Tibshirani, Robert and Walther, Guenther and Hastie, Trevor},
title = {Estimating the number of clusters in a data set via the gap statistic},
journal = {Journal of the Royal Statistical Society: Series B (Statistical Methodology)},
volume = {63},
number = {2},
publisher = {Blackwell Publishers Ltd.},
issn = {1467-9868},
url = {http://dx.doi.org/10.1111/1467-9868.00293},
doi = {10.1111/1467-9868.00293},
pages = {411--423},
keywords = {Clustering, Groups, Hierarchy, Uniform distribution},
year = {2001},
}
@inproceedings{agrawal1994fast,
  title={Fast algorithms for mining association rules},
  author={Agrawal, Rakesh and Srikant, Ramakrishnan and others},
  booktitle={Proc. 20th int. conf. very large data bases, VLDB},
  volume={1215},
  pages={487--499},
  year={1994}
}
@INPROCEEDINGS{1585498,
author={C. M. Fiduccia and R. M. Mattheyses},
booktitle={19th Design Automation Conference},
title={A Linear-Time Heuristic for Improving Network Partitions},
year={1982},
volume={},
number={},
pages={175-181},
keywords={Approximation algorithms;Computer networks;Data structures;Design automation;Iterative algorithms;Partitioning algorithms;Pins;Polynomials;Research and development},
doi={10.1109/DAC.1982.1585498},
ISSN={0146-7123},
month={June},}
@article{maaten2008visualizing,
  title={Visualizing data using t-SNE},
  author={Maaten, Laurens van der and Hinton, Geoffrey},
  journal={Journal of machine learning research},
  volume={9},
  number={Nov},
  pages={2579--2605},
  year={2008}
}
@inproceedings{devine2006parallel,
  title={Parallel hypergraph partitioning for scientific computing},
  author={Devine, Karen D and Boman, Erik G and Heaphy, Robert T and Bisseling, Rob H and Catalyurek, Umit V},
  booktitle={Parallel and Distributed Processing Symposium, 2006. IPDPS 2006. 20th International},
  pages={10--pp},
  year={2006},
  organization={IEEE}
}
@inproceedings{weko_175884_1,
   author	 = "良輔,小林 and 敏朗,疋田 and 宏哉,鈴木 and 利恵,山口",
   title	 = "行動センシングログを元にしたライフスタイル認証の提案",
   booktitle	 = "コンピュータセキュリティシンポジウム2016論文集",
   year 	 = "2016",
   volume	 = "2016",
   number	 = "2",
   pages	 = "1284--1290",
   month	 = "oct"
}
@article{karypis1999multilevel,
  title={Multilevel hypergraph partitioning: applications in VLSI domain},
  author={Karypis, George and Aggarwal, Rajat and Kumar, Vipin and Shekhar, Shashi},
  journal={IEEE Transactions on Very Large Scale Integration (VLSI) Systems},
  volume={7},
  number={1},
  pages={69--79},
  year={1999},
  publisher={IEEE}
}
@article{summary_hyper,
author = {Han, Eui-Hong and Karypis, George and Kumar, Vipin and Mobasher, Bamshad},
year = {1998},
month = {01},
pages = {15-22},
title = {Hypergraph Based Clustering in High-Dimensional Data Sets: A Summary of Results.},
volume = {21},
booktitle = {IEEE Data Eng. Bull.}
}
@inproceedings{han1997clustering,
  title={Clustering based on association rule hypergraphs},
  author={Han, Eui-Hong and Karypis, George and Kumar, Vipin and Mobasher, Bamshad},
  booktitle={DMKD},
  pages={0},
  year={1997}
}
@article{berge1973graphs,
  title={Graphs and hypergraphs},
  author={Berge, Claude and Minieka, Edward},
  year={1973},
  publisher={North-Holland publishing company Amsterdam}
}
@misc{hmetis,
  title = {hMETIS - Hypergraph \& Circuit Partitioning},
  howpublished = {\url{http://glaros.dtc.umn.edu/gkhome/metis/hmetis/overview}},
  author = {G. Karypis}
}
